@Article{Beck2011,
  author  = {A. H. Beck and others},
  title   = {Systematic Analysis of Breast Cancer Morphology Uncovers
		         Stromal Features associated with Survival},
  journal = {Science Translational Medicine},
  year    = {2011},
  month   = {November},
  volume  = {3},
  pages   = {108--113}
}
@Article{Csurka2004, 
	author  = {G. Csurka and others},
	title   = {Visual categorization with bags of keypoints.},
	journal = {Workshop on Statistical Learning in Computer Vision, ECCV},
	year    = {2004},
	volume  = {1},
	pages   = {1--22}
}
@Article{Yang2007,
	author  = {J. Yang and others},
	title   = {Evaluating Bag-of-Visual-Words Representations in Scene Classification},
	journal = {Proceedings of the International Workshop on Multimedia Information
		         Retrieval},
	year    = {2007}
}
@Article{Bruna2013,
	author  = {J. Bruna and S. Mallat},
	title   = {Invariant Scattering Convolution Networks},
	journal = {Pattern Analysis and Machine Intelligence, IEEE Transactions on},
	year    = {2013}
}
@Article{Lowe1999,
	author  = {D. Lowe},
	title   = {Object Recognition from Local Scale-Invariant Features},
	journal = {Proceedings of the International Conference on Computer Vision},
	year    = {1999},
	pages   = {1150--1157}
}
@Article{Bay2008,
	author  = {H. Bay and A. Ess and T. Tuytelaars and L. Van Gool},
	title   = {SURF: Speeded Up Robust Features},
	journal = {Computer Vision and Image Understanding (CVIU)},
	year    = {2008},
	pages   = {346--359},
	volume  = {110}
}
@Article{Fan2009,
	author  = {P. Fan and A. Men and M. Chen and B. Yang},
	title   = {Color-SURF: A SURF Descriptor with Local Kernal Color Histograms},
	journal = {Network Infrastructure and Digital Content, IEEE International Conference on},
	year    = {2009},
	month   = {November},
	pages   = {726--730}
}
@Article{Sande2010,
	author  = {K. E. A. van de Sande and T. Gevers and C. G. M. Snoek},
	title   = {Evaluating Color Descriptors for Object and Scene Recognition},
	journal = {Pattern Analysis and Machine Intelligence, IEEE Transactions on},
	year    = {2010},
	pages   = {1582--1596}
}
@Article{Kingsbury2001,
	author  = {N. Kingsbury},
	title   = {Complex Wavelets for Shift Invariant Analysis and Filtering of Signals},
	journal = {Applied and Computational Harmonic Analysis},
	year    = {2001},
	pages   = {234--253}
}
